@article{DBLP:journals/corr/SnellSZ17,
  author    = {Jake Snell and
               Kevin Swersky and
               Richard S. Zemel},
  title     = {Prototypical Networks for Few-shot Learning},
  journal   = {CoRR},
  volume    = {abs/1703.05175},
  year      = {2017},
  url       = {http://arxiv.org/abs/1703.05175},
  archivePrefix = {arXiv},
  eprint    = {1703.05175},
  timestamp = {Wed, 07 Jun 2017 14:41:38 +0200},
  biburl    = {http://dblp.org/rec/bib/journals/corr/SnellSZ17},
  bibsource = {dblp computer science bibliography, http://dblp.org}
}
@book{clayden2012organic,
  title={Organic chemistry},
  author={Clayden, Jonathan and Greeves, Nick and Warren, Stuart},
  year={2012},
  publisher={Oxford university press}
}
@article{duvenaud2015convolutional,
  title={Convolutional networks on graphs for learning molecular fingerprints},
  author={Duvenaud, David K and Maclaurin, Dougal and Iparraguirre, Jorge and Bombarell, Rafael and Hirzel, Timothy and Aspuru-Guzik, Al{\'a}n and Adams, Ryan P},
  journal={Advances in neural information processing systems},
  volume={28},
  year={2015}
}
@article{wu2018moleculenet,
  title={MoleculeNet: a benchmark for molecular machine learning},
  author={Wu, Zhenqin and Ramsundar, Bharath and Feinberg, Evan N and Gomes, Joseph and Geniesse, Caleb and Pappu, Aneesh S and Leswing, Karl and Pande, Vijay},
  journal={Chemical science},
  volume={9},
  number={2},
  pages={513--530},
  year={2018},
  publisher={Royal Society of Chemistry}
}
@article{kearnes2016molecular,
  title={Molecular graph convolutions: moving beyond fingerprints},
  author={Kearnes, Steven and McCloskey, Kevin and Berndl, Marc and Pande, Vijay and Riley, Patrick},
  journal={Journal of computer-aided molecular design},
  volume={30},
  number={8},
  pages={595--608},
  year={2016},
  publisher={Springer}
}
@article{waring2015analysis,
  title={An analysis of the attrition of drug candidates from four major pharmaceutical companies},
  author={Waring, Michael J and Arrowsmith, John and Leach, Andrew R and Leeson, Paul D and Mandrell, Sam and Owen, Robert M and Pairaudeau, Garry and Pennie, William D and Pickett, Stephen D and Wang, Jibo and others},
  journal={Nature reviews Drug discovery},
  volume={14},
  number={7},
  pages={475--486},
  year={2015},
  publisher={Nature Publishing Group}
}
@article{wang2020generalizing,
  title={Generalizing from a few examples: A survey on few-shot learning},
  author={Wang, Yaqing and Yao, Quanming and Kwok, James T and Ni, Lionel M},
  journal={ACM computing surveys (csur)},
  volume={53},
  number={3},
  pages={1--34},
  year={2020},
  publisher={ACM New York, NY, USA}
}
@article{lusher2014data,
  title={Data-driven medicinal chemistry in the era of big data},
  author={Lusher, Scott J and McGuire, Ross and van Schaik, Ren{\'e} C and Nicholson, C David and de Vlieg, Jacob},
  journal={Drug discovery today},
  volume={19},
  number={7},
  pages={859--868},
  year={2014},
  publisher={Elsevier}
}
@inproceedings{finn2017model,
  title={Model-agnostic meta-learning for fast adaptation of deep networks},
  author={Finn, Chelsea and Abbeel, Pieter and Levine, Sergey},
  booktitle={International conference on machine learning},
  pages={1126--1135},
  year={2017},
  organization={PMLR}
}
@article{vinyals2016matching,
  title={Matching networks for one shot learning},
  author={Vinyals, Oriol and Blundell, Charles and Lillicrap, Timothy and Wierstra, Daan and others},
  journal={Advances in neural information processing systems},
  volume={29},
  year={2016}
}
@article{ravi2016optimization,
  title={Optimization as a model for few-shot learning},
  author={Ravi, Sachin and Larochelle, Hugo},
  year={2016}
}
@article{brown2020language,
  title={Language models are few-shot learners},
  author={Brown, Tom and Mann, Benjamin and Ryder, Nick and Subbiah, Melanie and Kaplan, Jared D and Dhariwal, Prafulla and Neelakantan, Arvind and Shyam, Pranav and Sastry, Girish and Askell, Amanda and others},
  journal={Advances in neural information processing systems},
  volume={33},
  pages={1877--1901},
  year={2020}
}
@article{zhou2020graph,
  title={Graph neural networks: A review of methods and applications},
  author={Zhou, Jie and Cui, Ganqu and Hu, Shengding and Zhang, Zhengyan and Yang, Cheng and Liu, Zhiyuan and Wang, Lifeng and Li, Changcheng and Sun, Maosong},
  journal={AI Open},
  volume={1},
  pages={57--81},
  year={2020},
  publisher={Elsevier}
}
@article{velickovic2017graph,
  title={Graph attention networks},
  author={Velickovic, Petar and Cucurull, Guillem and Casanova, Arantxa and Romero, Adriana and Lio, Pietro and Bengio, Yoshua},
  journal={stat},
  volume={1050},
  pages={20},
  year={2017}
}
@article{altae2017low,
  title={Low data drug discovery with one-shot learning},
  author={Altae-Tran, Han and Ramsundar, Bharath and Pappu, Aneesh S and Pande, Vijay},
  journal={ACS central science},
  volume={3},
  number={4},
  pages={283--293},
  year={2017},
  publisher={ACS Publications}
}
@article{tipping1999probabilistic,
  title={Probabilistic principal component analysis},
  author={Tipping, Michael E and Bishop, Christopher M},
  journal={Journal of the Royal Statistical Society: Series B (Statistical Methodology)},
  volume={61},
  number={3},
  pages={611--622},
  year={1999},
  publisher={Wiley Online Library}
}
@article{van2008visualizing,
  title={Visualizing data using t-SNE.},
  author={Van der Maaten, Laurens and Hinton, Geoffrey},
  journal={Journal of machine learning research},
  volume={9},
  number={11},
  year={2008}
}